@article{szegedy13-intrig-ipnn,
	author    = {Christian Szegedy and
	Wojciech Zaremba and
	Ilya Sutskever and
	Joan Bruna and
	Dumitru Erhan and
	Ian J. Goodfellow and
	Rob Fergus},
	title     = {Intriguing properties of neural networks},
	journal   = {CoRR},
	volume    = {abs/1312.6199},
	year      = {2013},
	url       = {http://arxiv.org/abs/1312.6199},
	archivePrefix = {arXiv},
	eprint    = {1312.6199},
	timestamp = {Wed, 07 Jun 2017 14:41:52 +0200},
	biburl    = {http://dblp.org/rec/bib/journals/corr/SzegedyZSBEGF13},
	bibsource = {dblp computer science bibliography, http://dblp.org}
}

@article{goodfellow14-ehae,
	author    = {Ian J. Goodfellow and
	Jonathon Shlens and
	Christian Szegedy},
	title     = {Explaining and Harnessing Adversarial Examples},
	journal   = {CoRR},
	volume    = {abs/1412.6572},
	year      = {2014},
	url       = {http://arxiv.org/abs/1412.6572},
	archivePrefix = {arXiv},
	eprint    = {1412.6572},
	timestamp = {Wed, 07 Jun 2017 14:40:25 +0200},
	biburl    = {http://dblp.org/rec/bib/journals/corr/GoodfellowSS14},
	bibsource = {dblp computer science bibliography, http://dblp.org}
}

@article{he15-resnet,
	author    = {Kaiming He and
	Xiangyu Zhang and
	Shaoqing Ren and
	Jian Sun},
	title     = {{Deep Residual Learning for Image Recognition}},
	journal   = {CoRR},
	volume    = {abs/1512.03385},
	year      = {2015},
	url       = {http://arxiv.org/abs/1512.03385},
	timestamp = {Wed, 30 Mar 2016 23:40:00 +0200},
	biburl    = {http://dblp.uni-trier.de/rec/bib/journals/corr/HeZRS15},
	bibsource = {dblp computer science bibliography, http://dblp.org}
}

@article{he16-resnet-imdrn,
	author    = {Kaiming He and
	Xiangyu Zhang and
	Shaoqing Ren and
	Jian Sun},
	title     = {Identity Mappings in Deep Residual Networks},
	journal   = {CoRR},
	volume    = {abs/1603.05027},
	year      = {2016},
	url       = {http://arxiv.org/abs/1603.05027},
	archivePrefix = {arXiv},
	eprint    = {1603.05027},
	timestamp = {Wed, 07 Jun 2017 14:40:35 +0200},
	biburl    = {http://dblp.org/rec/bib/journals/corr/HeZR016},
	bibsource = {dblp computer science bibliography, http://dblp.org}
}


@article{zagoruyko16-wrn,
	author    = {Sergey Zagoruyko and
	Nikos Komodakis},
	title     = {Wide Residual Networks},
	journal   = {CoRR},
	volume    = {abs/1605.07146},
	year      = {2016},
	url       = {http://arxiv.org/abs/1605.07146},
	archivePrefix = {arXiv},
	eprint    = {1605.07146},
	timestamp = {Wed, 07 Jun 2017 14:41:15 +0200},
	biburl    = {http://dblp.org/rec/bib/journals/corr/ZagoruykoK16},
	bibsource = {dblp computer science bibliography, http://dblp.org}
}

@article{kurakin-amls,
	author    = {Alexey Kurakin and
	Ian J. Goodfellow and
	Samy Bengio},
	title     = {Adversarial Machine Learning at Scale},
	journal   = {CoRR},
	volume    = {abs/1611.01236},
	year      = {2016},
	url       = {http://arxiv.org/abs/1611.01236},
	archivePrefix = {arXiv},
	eprint    = {1611.01236},
	timestamp = {Wed, 07 Jun 2017 14:40:08 +0200},
	biburl    = {http://dblp.org/rec/bib/journals/corr/KurakinGB16a},
	bibsource = {dblp computer science bibliography, http://dblp.org}
}

@article{liu-dtaeba,
	author    = {Yanpei Liu and
	Xinyun Chen and
	Chang Liu and
	Dawn Song},
	title     = {Delving into Transferable Adversarial Examples and Black-box Attacks},
	journal   = {CoRR},
	volume    = {abs/1611.02770},
	year      = {2016},
	url       = {http://arxiv.org/abs/1611.02770},
	archivePrefix = {arXiv},
	eprint    = {1611.02770},
	timestamp = {Wed, 07 Jun 2017 01:00:00 +0200},
	biburl    = {http://dblp.org/rec/bib/journals/corr/LiuCLS16},
	bibsource = {dblp computer science bibliography, http://dblp.org}
}

@inproceedings{cisse17-pn,
	author    = {Moustapha Ciss{\'{e}} and
	Piotr Bojanowski and
	Edouard Grave and
	Yann Dauphin and
	Nicolas Usunier},
	title     = {Parseval Networks: Improving Robustness to Adversarial Examples},
	booktitle = {Proceedings of the 34th International Conference on Machine Learning,
	{ICML} 2017, Sydney, NSW, Australia, 6-11 August 2017},
	pages     = {854--863},
	year      = {2017},
	crossref  = {DBLP:conf/icml/2017},
	url       = {http://proceedings.mlr.press/v70/cisse17a.html},
	timestamp = {Wed, 16 Aug 2017 11:08:55 +0200},
	biburl    = {http://dblp.org/rec/bib/conf/icml/CisseBGDU17},
	bibsource = {dblp computer science bibliography, http://dblp.org}
}

@article{madry17-tdlmraa,
	author    = {Aleksander Madry and
	Aleksandar Makelov and
	Ludwig Schmidt and
	Dimitris Tsipras and
	Adrian Vladu},
	title     = {Towards Deep Learning Models Resistant to Adversarial Attacks},
	journal   = {CoRR},
	volume    = {abs/1706.06083},
	year      = {2017},
	url       = {http://arxiv.org/abs/1706.06083},
	archivePrefix = {arXiv},
	eprint    = {1706.06083},
	timestamp = {Mon, 03 Jul 2017 01:00:00 +0200},
	biburl    = {http://dblp.org/rec/bib/journals/corr/MadryMSTV17},
	bibsource = {dblp computer science bibliography, http://dblp.org}
}

@article{sharan-epdl,
	author    = {Sharan Chetlur and
	Cliff Woolley and
	Philippe Vandermersch and
	Jonathan Cohen and
	John Tran and
	Bryan Catanzaro and
	Evan Shelhamer},
	title     = {cuDNN: Efficient Primitives for Deep Learning},
	journal   = {CoRR},
	volume    = {abs/1410.0759},
	year      = {2014},
	url       = {http://arxiv.org/abs/1410.0759},
	archivePrefix = {arXiv},
	eprint    = {1410.0759},
	timestamp = {Wed, 07 Jun 2017 14:40:09 +0200},
	biburl    = {http://dblp.org/rec/bib/journals/corr/ChetlurWVCTCS14},
	bibsource = {dblp computer science bibliography, http://dblp.org}
}

@article{xu-rg,
	author    = {Huan Xu and
	Shie Mannor},
	title     = {Robustness and Generalization},
	journal   = {CoRR},
	volume    = {abs/1005.2243},
	year      = {2010},
	url       = {http://arxiv.org/abs/1005.2243},
	archivePrefix = {arXiv},
	eprint    = {1005.2243},
	timestamp = {Wed, 07 Jun 2017 14:41:58 +0200},
	biburl    = {http://dblp.org/rec/bib/journals/corr/abs-1005-2243},
	bibsource = {dblp computer science bibliography, http://dblp.org}
}

@misc{tensorflow2015-whitepaper,
	title={ {TensorFlow}: Large-Scale Machine Learning on Heterogeneous Systems},
	url={https://www.tensorflow.org/},
	author={
	Mart\'{\i}n~Abadi and
	Ashish~Agarwal and
	Paul~Barham and
	Eugene~Brevdo and
	Zhifeng~Chen and
	Craig~Citro and
	Greg~S.~Corrado and
	Andy~Davis and
	Jeffrey~Dean and
	Matthieu~Devin and
	Sanjay~Ghemawat and
	Ian~Goodfellow and
	Andrew~Harp and
	Geoffrey~Irving and
	Michael~Isard and
	Yangqing Jia and
	Rafal~Jozefowicz and
	Lukasz~Kaiser and
	Manjunath~Kudlur and
	Josh~Levenberg and
	Dan~Man\'{e} and
	Rajat~Monga and
	Sherry~Moore and
	Derek~Murray and
	Chris~Olah and
	Mike~Schuster and
	Jonathon~Shlens and
	Benoit~Steiner and
	Ilya~Sutskever and
	Kunal~Talwar and
	Paul~Tucker and
	Vincent~Vanhoucke and
	Vijay~Vasudevan and
	Fernanda~Vi\'{e}gas and
	Oriol~Vinyals and
	Pete~Warden and
	Martin~Wattenberg and
	Martin~Wicke and
	Yuan~Yu and
	Xiaoqiang~Zheng},
	year={2015},
}

@article{papernot2016cleverhans,
	title={cleverhans v1.0.0: an adversarial machine learning library},
	author={Papernot, Nicolas and Goodfellow, Ian and Sheatsley, Ryan and Feinman, Reuben and McDaniel, Patrick},
	journal={arXiv preprint arXiv:1610.00768},
	year={2016}
}