@article{ssd,
	author    = {Wei Liu and Dragomir Anguelov and Dumitru Erhan and Christian Szegedy and Scott E. Reed and Cheng{-}Yang Fu and Alexander C. Berg},
	title     = {{SSD: Single Shot MultiBox Detector}},
	journal   = {CoRR},
	volume    = {abs/1512.02325},
	year      = {2015},
	url       = {http://arxiv.org/abs/1512.02325},
	timestamp = {Sat, 03 Dec 2016 18:39:03 +0100},
	biburl    = {http://dblp.uni-trier.de/rec/bib/journals/corr/LiuAESR15},
	bibsource = {dblp computer science bibliography, http://dblp.org}
}

@article{selectiveSearch,
	author       = "Uijlings, J. R. R. and van de Sande, K. E. A. and Gevers, T. and Smeulders, A. W. M.",
	title        = "{{Selective Search for Object Detection}}",
	year         = "2012",
	url          = "https://ivi.fnwi.uva.nl/isis/publications/2013/UijlingsIJCV2013/UijlingsIJCV2013.pdf",
}

@article{fasterrcnn,
	author    = {Shaoqing Ren and Kaiming He and Ross B. Girshick and Jian Sun},
	title     = {{Faster R-CNN: Towards Real-Time Object Detection with Region Proposal Networks}},
	journal   = {CoRR},
	volume    = {abs/1506.01497},
	year      = {2015},
	url       = {http://arxiv.org/abs/1506.01497},
	timestamp = {Wed, 01 Jul 2015 15:10:24 +0200},
	biburl    = {http://dblp.uni-trier.de/rec/bib/journals/corr/RenHG015},
	bibsource = {dblp computer science bibliography, http://dblp.org}
}

@article{fastrcnn,
	author    = {Ross B. Girshick},
	title     = {{Fast R-CNN}},
	journal   = {CoRR},
	volume    = {abs/1504.08083},
	year      = {2015},
	url       = {http://arxiv.org/abs/1504.08083},
	timestamp = {Sat, 02 May 2015 17:50:32 +0200},
	biburl    = {http://dblp.uni-trier.de/rec/bib/journals/corr/Girshick15},
	bibsource = {dblp computer science bibliography, http://dblp.org}
}

@article{edgeBoxes,
	author    = {C. Lawrence Zitnick and Piotr Doll\'ar},
	title     = {{Edge Boxes}: {Locating Object Proposals from Edges}},
	booktitle = {ECCV},
	year      = {2014},
	url    = "https://www.microsoft.com/en-us/research/wp-content/uploads/2014/09/ZitnickDollarECCV14edgeBoxes.pdf",
}

@article{objdet2014,
	author       = "Ross Girshick",
	title        = "{{Object Detection, Deep Learning, and R-CNNs}}",
	year         = "2014",
	url          = "https://homes.cs.washington.edu/~shapiro/EE596/notes/DeepLearning.pptx",
}

@misc {yolo2web,
	author = "Joseph Redmon",
	title = "{{YOLO: Real-Time Object Detection}}",
	year = "2017",
	url = "https://pjreddie.com/darknet/yolo/",
	note = "[26.3.2017.]"
}

@article{yolov2,
	author    = {Joseph Redmon and
	Ali Farhadi},
	title     = {{YOLO9000: Better, Faster, Stronger}},
	journal   = {CoRR},
	volume    = {abs/1612.08242},
	year      = {2016},
	url       = {http://arxiv.org/abs/1612.08242},
	timestamp = {Mon, 02 Jan 2017 11:09:15 +0100},
	biburl    = {http://dblp.uni-trier.de/rec/bib/journals/corr/RedmonF16},
	bibsource = {dblp computer science bibliography, http://dblp.org}
}

@article{pvanet,
	author    = {Sanghoon Hong and
	Byung{-}Seok Roh and
	Kye{-}Hyeon Kim and
	Yeongjae Cheon and
	Minje Park},
	title     = {{PVANet: Lightweight Deep Neural Networks for Real-time Object Detection}},
	journal   = {CoRR},
	volume    = {abs/1611.08588},
	year      = {2016},
	url       = {http://arxiv.org/abs/1611.08588},
	timestamp = {Thu, 01 Dec 2016 19:32:08 +0100},
	biburl    = {http://dblp.uni-trier.de/rec/bib/journals/corr/HongRKCP16},
	bibsource = {dblp computer science bibliography, http://dblp.org}
}

@misc{ prec-rec,
	title = "Precision-Recall — scikit-learn 0.18.1 documentation",
	url = "http://scikit-learn.org/stable/auto_examples/model_selection/plot_precision_recall.html",
	note = "[27.3.2017.]"
}

@misc{ pascalVOC-devkit,
	author = "M. Everingham and J. Winn",
	title = "{{The PASCAL Visual Object Classes Challenge 2012 (VOC2012) Development Kit}}",
	year = "2012",
	url = "http://host.robots.ox.ac.uk/pascal/VOC/voc2012/devkit_doc.pdf",
}

@article{vgg,
	author    = {Karen Simonyan and	Andrew Zisserman},
	title     = {{Very Deep Convolutional Networks for Large-Scale Image Recognition}},
	journal   = {CoRR},
	volume    = {abs/1409.1556},
	year      = {2014},
	url       = {http://arxiv.org/abs/1409.1556},
	timestamp = {Wed, 01 Oct 2014 15:00:05 +0200},
	biburl    = {http://dblp.uni-trier.de/rec/bib/journals/corr/SimonyanZ14a},
	bibsource = {dblp computer science bibliography, http://dblp.org}
}


@misc{ colah,
	author = "Christopher Olah",
	title = "{Colah's blog}",
	year = "2016",
	url = "http://colah.github.io/",
	note = "[10.5.2016.]"
} 

@misc{ nndl,
	author = "Michael A. Nielsen",
	title = "{{Neural Networks and Deep Learning}}",
	year = "2015",
	url = "http://neuralnetworksanddeeplearning.com/",
}


@thesis{semseg-ja,
	author    = {Grubišić, Ivan},
	title     = {Semantička segmentacija dubokim konvolucijskim mrežama},
	year      = {2016}
	url       = "http://www.dropbox.com/s/1wtq60o2unw7k59/zavrsni.pdf"
}

@misc{wiki-ir,
	author = "Wikipedia",
	title = "{Information retrieval} --- {W}ikipedia",
	year = "2017",
	url = {https://en.wikipedia.org/wiki/Information_retrieval},
	note = "[28.4.2017]"
}

@article{resnet,
	author    = {Kaiming He and
	Xiangyu Zhang and
	Shaoqing Ren and
	Jian Sun},
	title     = {{Deep Residual Learning for Image Recognition}},
	journal   = {CoRR},
	volume    = {abs/1512.03385},
	year      = {2015},
	url       = {http://arxiv.org/abs/1512.03385},
	timestamp = {Wed, 30 Mar 2016 23:40:00 +0200},
	biburl    = {http://dblp.uni-trier.de/rec/bib/journals/corr/HeZRS15},
	bibsource = {dblp computer science bibliography, http://dblp.org}
}

@article{gan,
	author    = {Alec Radford and
	Luke Metz and
	Soumith Chintala},
	title     = {{Unsupervised Representation Learning with Deep Convolutional Generative Adversarial Networks}},
	journal   = {CoRR},
	volume    = {abs/1511.06434},
	year      = {2015},
	url       = {http://arxiv.org/abs/1511.06434},
	timestamp = {Tue, 01 Dec 2015 19:22:34 +0100},
	biburl    = {http://dblp.uni-trier.de/rec/bib/journals/corr/RadfordMC15},
	bibsource = {dblp computer science bibliography, http://dblp.org}
}